@inproceedings{jamil2008noise,
  title={{Noise removal and enhancement of binary images using morphological operations}},
  author={Jamil, N and Sembok, Tengku Mohd Tengku and Bakar, Z Abu},
  booktitle={Information Technology, 2008. ITSim 2008. International Symposium on},
  volume={4},
  pages={1--6},
  year={2008},
  organization={IEEE}
}

@article{bishnoi2014,
  title={{Noise Removal with Morphological Operations Opening and Closing Using Erosion and Dilation. International Journal of Modern Engineering Research (IJMER)}},
  author={Bishnoi, A},
  volume={4},
  year={2014}
}

@inproceedings{yamaguchi2003digit,
  title={{Digit classification on signboards for telephone number recognition}},
  author={Yamaguchi, T and Nakano, Y and Maruyama, M and Miyao, H and Hananoi, T},
  booktitle={Document Analysis and Recognition, 2003. Proceedings. Seventh International Conference on},
  pages={359--363},
  year={2003},
  organization={IEEE}
}

@article{liu2003handwritten,
  title={Handwritten digit recognition: benchmarking of state-of-the-art techniques},
  author={Liu, CL and Nakashima, Ki and Sako, H and Fujisawa, H},
  journal={Pattern Recognition},
  volume={36},
  number={10},
  pages={2271--2285},
  year={2003},
  publisher={Elsevier}
}

@book{segmenttool,
year = {2013},
author = {Shoelson, B},
title = {{SegmentTool: An Interactive GUI for Segmenting Images [Software]}},
url = {http://www.mathworks.com/matlabcentral/fileexchange/38484-segmenttool--an-interactive-gui-for-segmenting-images}
}

@webpage{mnist,
  Author = {LeCun, Y and Cortes, C and Burges, C. J. C},
  Lastchecked = {Januari 5, 2015},
  Title = {{MNIST handwritten digit database}},
  Url = {\url{http://yann.lecun.com/exdb/mnist/}}
}

@misc{gonzalez2002digital,
  title={Digital image processing},
  author={Gonzalez, Rafael C and Woods, Richard E},
  year={2002},
  publisher={Prentice hall Upper Saddle River, NJ:}
}